<?xml version="1.0" encoding="UTF-8"?><collection xmlns="http://www.loc.gov/MARC21/slim"><record><leader>00372nam--2200133-i-4500</leader><controlfield tag="001">000018156</controlfield><controlfield tag="002">20161230</controlfield><controlfield tag="005">20161230201032</controlfield><controlfield tag="008">060222s1000------------r-----000-0-eng-d</controlfield><datafield ind1=" " ind2=" " tag="080"><subfield code="a">621.375.826</subfield></datafield><datafield ind1=" " ind2=" " tag="100"><subfield code="a">Fain, W.M. Und Chanin, J.I</subfield></datafield><datafield ind1=" " ind2=" " tag="245"><subfield code="a">Quantenelectronik.physic der maser und laser</subfield></datafield><datafield ind1=" " ind2=" " tag="260"><subfield code="a">Leipzig, B.G.Teubner Verlagsgesellschaft, 1969 652 P</subfield></datafield><datafield ind1=" " ind2=" " tag="852"><subfield code="a">34178</subfield></datafield></record></collection>